@article{turney2007anatomy,
    author  = {Turney, B. W.},
    title   = {Anatomy in a modern medical curriculum},
    journal = {The Annals of The Royal College of Surgeons of England},
    year    = "2007",
    volume  = "89",
    number  = "2",
    pages   = "104-107"
}

@inproceedings{chikersal2015sentu,
  author    = {Chikersal, P. and Poria, S. and Cambria, E.},
  title     = {SeNTU: sentiment analysis of tweets by combining a rule-based classifier with supervised learning},
  booktitle = {Proceedings of the 9th International Workshop on Semantic Evaluation (SemEval 2015)},
  year      = {2015},
  pages     = {647--651},
}

@inproceedings{chen2013emotional,
    author    = {Chen, L and Yang, Y},
    title     = {Emotional speaker recognition based on i-vector through atom aligned sparse representation},
    booktitle = {2013 IEEE International Conference on Acoustics, Speech and Signal Processing},
    year      = "2013",
    pages     = "7760-7764",
    organization = {IEEE}
}

@inproceedings{pang2002thumbs,
    author    = {Pang, B and Lee, L and Vaithyanathan, S},
    title     = {Thumbs up: sentiment classification using machine learning techniques},
    booktitle = {Proceedings of the ACL-02 conference on Empirical methods in natural language processing-Volume 10},
    year      = "2002",
    organization = {Association for Computational Linguistics}
}

@inproceedings{wikarsa2015text,
    author    = {Wikarsa, L and Thahir, S. N.},
    title     = {A text mining application of emotion classifications of Twitter's users using Naive Bayes method},
    booktitle = {2015 1st International Conference on Wireless and Telematics (ICWT)},
    year      = "2015",
    pages     = "1-6",
    organization = {IEEE}
}

@article{govindarajan2013sentiment,
  author    = {Govindarajan, M.},
  title     = {Sentiment analysis of movie reviews using hybrid method of naive bayes and genetic algorithm},
  journal   = {International Journal of Advanced Computer Research},
  year      = {2013},
  volume    = {3},
  number    = {4},
  pages     = {139},
}

@inproceedings{maas2011learning,
  title={Learning Word Vectors for Sentiment Analysis},
  author={Maas, Andrew L. and Daly, Raymond E. and Pham, Peter T. and Huang, Dan and Ng, Andrew Y. and Potts, Christopher},
  booktitle={Proceedings of the 49th Annual Meeting of the Association for Computational Linguistics (ACL 2011)},
  year={2011}
}

